@MISC{WEBSITE,
	HOWPUBLISHED = "\url{http://example.com}",
	AUTHOR = "Intel",
	TITLE = "Example Website",
	MONTH = "12",
	YEAR = "1988",
	NOTE = "Accessed on 2012-11-11"
}